<record><leader>00000cas a22000007a 4500</leader><controlfield tag="001">9309691</controlfield><controlfield tag="008">830315d18941986ctudn ne      0    0eng  </controlfield><datafield ind1=" " ind2=" " tag="010"><subfield code="a">sn 82016392 </subfield></datafield><datafield ind1=" " ind2=" " tag="040"><subfield code="a">DLC</subfield><subfield code="b">eng</subfield><subfield code="c">DLC</subfield><subfield code="d">NPX</subfield><subfield code="d">DLC</subfield><subfield code="d">NPY</subfield><subfield code="d">DLC</subfield><subfield code="d">CNW</subfield><subfield code="d">DLC</subfield><subfield code="d">OCLCQ</subfield><subfield code="d">OCLCO</subfield><subfield code="d">OCLCF</subfield></datafield><datafield ind1="1" ind2=" " tag="029"><subfield code="a">AU@</subfield><subfield code="b">000020394378</subfield></datafield><datafield ind1=" " ind2=" " tag="042"><subfield code="a">pcc</subfield></datafield><datafield ind1=" " ind2=" " tag="043"><subfield code="a">n-us-ct</subfield></datafield><datafield ind1="0" ind2="0" tag="050"><subfield code="a">Newspaper</subfield></datafield><datafield ind1="0" ind2=" " tag="130"><subfield code="a">Waterbury American (Waterbury, Conn. : 1894)</subfield></datafield><datafield ind1="1" ind2="0" tag="245"><subfield code="a">Waterbury American.</subfield></datafield><datafield ind1=" " ind2=" " tag="260"><subfield code="a">Waterbury, Conn. :</subfield><subfield code="b">[s.n.]</subfield></datafield><datafield ind1=" " ind2=" " tag="300"><subfield code="a">v. :</subfield><subfield code="b">ill. ;</subfield><subfield code="c">60 cm.</subfield></datafield><datafield ind1=" " ind2=" " tag="310"><subfield code="a">Daily (except Sat. &amp; Sun. and the six major holidays),</subfield><subfield code="b">1983-1986</subfield></datafield><datafield ind1=" " ind2=" " tag="321"><subfield code="a">Daily (except Sun.),</subfield><subfield code="b">1894-Aug. 18, 1964</subfield></datafield><datafield ind1=" " ind2=" " tag="321"><subfield code="a">Daily (except Sun. and the six major holidays),</subfield><subfield code="b">Aug. 19, 1964-</subfield></datafield><datafield ind1="0" ind2=" " tag="362"><subfield code="a">Aug. 6, 1894-no. 42 (Feb. 28, 1986).</subfield></datafield><datafield ind1=" " ind2=" " tag="500"><subfield code="a">"Independent."</subfield></datafield><datafield ind1=" " ind2=" " tag="530"><subfield code="a">Available on microfilm from UMI.</subfield></datafield><datafield ind1=" " ind2=" " tag="580"><subfield code="a">Weekly eds.: Waterbury weekly American, 1894-Dec. 6, 1895, and: Waterbury American (Waterbury, Conn. : 1895), Dec. 13, 1895-19.</subfield></datafield><datafield ind1=" " ind2=" " tag="588"><subfield code="a">Description based on: Vol. 101, no. 87 (Apr. 13, 1945).</subfield></datafield><datafield ind1=" " ind2="0" tag="651"><subfield code="a">Waterbury (Conn.)</subfield><subfield code="v">Newspapers.</subfield></datafield><datafield ind1=" " ind2="7" tag="655"><subfield code="a">Newspapers.</subfield><subfield code="2">fast</subfield><subfield code="0">(OCoLC)fst01423814</subfield></datafield><datafield ind1=" " ind2="7" tag="651"><subfield code="a">Connecticut</subfield><subfield code="z">Waterbury.</subfield><subfield code="2">fast</subfield><subfield code="0">(OCoLC)fst01206504</subfield></datafield><datafield ind1=" " ind2=" " tag="752"><subfield code="a">United States</subfield><subfield code="b">Connecticut</subfield><subfield code="c">New Haven</subfield><subfield code="d">Waterbury.</subfield></datafield><datafield ind1="1" ind2=" " tag="775"><subfield code="t">Waterbury weekly American</subfield><subfield code="w">(DLC)sn 93053700</subfield></datafield><datafield ind1="1" ind2=" " tag="775"><subfield code="t">Waterbury American (Waterbury, Conn. : 1895)</subfield><subfield code="w">(DLC)sn 93053701</subfield></datafield><datafield ind1="0" ind2="0" tag="780"><subfield code="t">Waterbury daily American</subfield><subfield code="w">(DLC)sn 84022535</subfield><subfield code="w">(OCoLC)10466313</subfield></datafield><datafield ind1="0" ind2="0" tag="785"><subfield code="t">American (Waterbury, Conn. : 1986)</subfield><subfield code="w">(DLC)sn 87062265</subfield><subfield code="w">(OCoLC)16220347</subfield></datafield></record>